@article{mitra2018introduction,
  title={An introduction to neural information retrieval},
  author={Mitra, Bhaskar and Craswell, Nick and others},
  journal={Foundations and Trends{\textregistered} in Information Retrieval},
  volume={13},
  number={1},
  pages={1--126},
  year={2018},
  publisher={Now Publishers, Inc.}
}
