@misc{francois2017deep,
  title={Deep learning with Python},
  author={Francois, Chollet},
  year={2017},
  publisher={Manning Publications Company}
}
