@inproceedings{zuccon2015diagnose,
  title={Diagnose this if you can},
  author={Zuccon, Guido and Koopman, Bevan and Palotti, Joao},
  booktitle={European Conference on Information Retrieval},
  pages={562--567},
  year={2015},
  organization={Springer}
}
