@inproceedings{Zamani:2018:NRN:3269206.3271800,
 author = {Zamani, Hamed and Dehghani, Mostafa and Croft, W. Bruce and Learned-Miller, Erik and Kamps, Jaap},
 title = {From Neural Re-Ranking to Neural Ranking: Learning a Sparse Representation for Inverted Indexing},
 booktitle = {Proceedings of the 27th ACM International Conference on Information and Knowledge Management},
 series = {CIKM '18},
 year = {2018},
 isbn = {978-1-4503-6014-2},
 location = {Torino, Italy},
 pages = {497--506},
 numpages = {10},
 url = {http://doi.acm.org/10.1145/3269206.3271800},
 doi = {10.1145/3269206.3271800},
 acmid = {3271800},
 publisher = {ACM},
 address = {New York, NY, USA},
 keywords = {ad-hoc retrieval, document representation, efficiency, inverted index, neural ranking models, semantic matching, sparse representation, weak supervision},
}