@article{DBLP:journals/corr/abs-1708-02702,
  author    = {Christophe Van Gysel and
               Maarten de Rijke and
               Evangelos Kanoulas},
  title     = {Neural Vector Spaces for Unsupervised Information Retrieval},
  journal   = {CoRR},
  volume    = {abs/1708.02702},
  year      = {2017},
  url       = {http://arxiv.org/abs/1708.02702},
  archivePrefix = {arXiv},
  eprint    = {1708.02702},
  timestamp = {Mon, 13 Aug 2018 16:48:32 +0200},
  biburl    = {https://dblp.org/rec/bib/journals/corr/abs-1708-02702},
  bibsource = {dblp computer science bibliography, https://dblp.org}
}

