%% This BibTeX bibliography file was created using BibDesk.
%% http://bibdesk.sourceforge.net/

%% Created for Bernhard Steindl at 2020-09-26 00:11:07 +0200 


%% Saved with string encoding Unicode (UTF-8) 



@misc{chollet:2017:deep-learning-with-python,
  author    = {Francois, Chollet},
  publisher = {Manning Publications Company},
  title     = {Deep learning with Python},
  year      = {2017}
}

@misc{he:2019:state-of-ml-frameworks,
  author        = {Horace He},
  date-added    = {2020-09-10 19:18:51 +0000},
  date-modified = {2020-09-10 19:29:55 +0000},
  howpublished  = {https://thegradient.pub/state-of-ml-frameworks-2019-pytorch-dominates-research-tensorflow-dominates-industry},
  lastchecked   = {2020-09-10},
  month         = {10},
  title         = {The State of Machine Learning Frameworks in 2019},
  url           = {https://thegradient.pub/state-of-ml-frameworks-2019-pytorch-dominates-research-tensorflow-dominates-industry/},
  year          = {2019},
  bdsk-url-1    = {https://thegradient.pub/state-of-ml-frameworks-2019-pytorch-dominates-research-tensorflow-dominates-industry/}
}

@article{mitra:2018:introduction-neural-ir,
  author    = {Mitra, Bhaskar and Craswell, Nick and others},
  journal   = {Foundations and Trends{\textregistered} in Information Retrieval},
  number    = {1},
  pages     = {1--126},
  publisher = {Now Publishers, Inc.},
  title     = {An introduction to neural information retrieval},
  volume    = {13},
  year      = {2018}
}

@article{van-gysel:2017:neural-vector-spaces,
  archiveprefix = {arXiv},
  author        = {Christophe Van Gysel and Maarten de Rijke and Evangelos Kanoulas},
  bibsource     = {dblp computer science bibliography, https://dblp.org},
  biburl        = {https://dblp.org/rec/bib/journals/corr/abs-1708-02702},
  eprint        = {1708.02702},
  journal       = {CoRR},
  timestamp     = {Mon, 13 Aug 2018 16:48:32 +0200},
  title         = {Neural Vector Spaces for Unsupervised Information Retrieval},
  url           = {http://arxiv.org/abs/1708.02702},
  volume        = {abs/1708.02702},
  year          = {2017},
  bdsk-url-1    = {http://arxiv.org/abs/1708.02702}
}

@inproceedings{zamani:2018:from-neural-reranking-to-neural-ranking,
  acmid      = {3271800},
  address    = {New York, NY, USA},
  author     = {Zamani, Hamed and Dehghani, Mostafa and Croft, W. Bruce and Learned-Miller, Erik and Kamps, Jaap},
  booktitle  = {Proceedings of the 27th ACM International Conference on Information and Knowledge Management},
  doi        = {10.1145/3269206.3271800},
  isbn       = {978-1-4503-6014-2},
  keywords   = {ad-hoc retrieval, document representation, efficiency, inverted index, neural ranking models, semantic matching, sparse representation, weak supervision},
  location   = {Torino, Italy},
  numpages   = {10},
  pages      = {497--506},
  publisher  = {ACM},
  series     = {CIKM '18},
  title      = {From Neural Re-Ranking to Neural Ranking: Learning a Sparse Representation for Inverted Indexing},
  url        = {http://doi.acm.org/10.1145/3269206.3271800},
  year       = {2018},
  bdsk-url-1 = {http://doi.acm.org/10.1145/3269206.3271800},
  bdsk-url-2 = {http://dx.doi.org/10.1145/3269206.3271800}
}

@inproceedings{zuccon:2015:diagnose-this,
  author       = {Zuccon, Guido and Koopman, Bevan and Palotti, Joao},
  booktitle    = {European Conference on Information Retrieval},
  organization = {Springer},
  pages        = {562--567},
  title        = {Diagnose this if you can},
  year         = {2015}
}
